@inproceedings{Johnson78lint,
    author = {S. C. Johnson},
    title = {Lint, a C Program Checker},
    booktitle = {COMP. SCI. TECH. REP},
    year = {1978},
    pages = {78--1273},
    publisher = {}
}

@article{fagan1999design,
  title={Design and code inspections to reduce errors in program development},
  author={Fagan, Michael E},
  journal={IBM Systems Journal},
  volume={38},
  number={2/3},
  pages={258},
  year={1999},
  publisher={International Business Machines Corporation}
}

@book{ISOIEC9126,
  title = {ISO/IEC 9126. Software engineering -- Product quality},
  publisher = {ISO/IEC},
  year = {2001},
  author = {ISO/IEC}
}

@book{ISO840294,
  title = {ISO 8402:1994 Quality management and quality assurance -- Vocabulary},
  publisher = {ISO},
  year = {1994},
  author = {ISO}
}

@book{1990ieee,
  title={IEEE Std 610.12-1990: IEEE Standard Glossary of Software Engineering Terminology},
  url={https://books.google.ru/books?id=2cqWAQAACAAJ},
  year={1990},
  publisher={IEEE}
}

@book{shewhart1931economic,
  title={Economic control of quality of manufactured product},
  author={Shewhart, Walter Andrew},
  year={1931},
  publisher={ASQ Quality Press}
}

@article{weinberg1993quality,
  title={Quality software management},
  author={Weinberg, Gerald M},
  journal={New York},
  year={1993}
}
